@article{papoutsakis1984equations,
  title={Equations and calculations for fermentations of butyric acid bacteria},
  author={Papoutsakis, Eleftherios Terry},
  journal={Biotechnology and bioengineering},
  volume={26},
  number={2},
  pages={174--187},
  year={1984},
  publisher={Wiley Online Library}
}

@article{fell1986fat,
  title={Fat synthesis in adipose tissue. An examination of stoichiometric constraints},
  author={Fell, David A and Small, J Rankin},
  journal={Biochemical Journal},
  volume={238},
  number={3},
  pages={781--786},
  year={1986},
  publisher={Portland Press Limited}
}

@article{majewski1990simple,
  title={Simple constrained-optimization view of acetate overflow in E. coli},
  author={Majewski, RA and Domach, MM},
  journal={Biotechnology and bioengineering},
  volume={35},
  number={7},
  pages={732--738},
  year={1990},
  publisher={Wiley Online Library}
}

@article{varma1993metabolic,
  title={Metabolic capabilities of Escherichia coli: I. Synthesis of biosynthetic precursors and cofactors},
  author={Varma, Amit and Palsson, Bernhard O},
  journal={Journal of theoretical biology},
  volume={165},
  number={4},
  pages={477--502},
  year={1993},
  publisher={Elsevier}
}

@article{calhoun2006total,
  title={Total amino acid stabilization during cell-free protein synthesis reactions},
  author={Calhoun, Kara A and Swartz, James R},
  journal={Journal of biotechnology},
  volume={123},
  number={2},
  pages={193--203},
  year={2006},
  publisher={Elsevier}
}

@article{schellenberger2011quantitative,
  title={Quantitative prediction of cellular metabolism with constraint-based models: the COBRA Toolbox v2. 0},
  author={Schellenberger, Jan and Que, Richard and Fleming, Ronan MT and Thiele, Ines and Orth, Jeffrey D and Feist, Adam M and Zielinski, Daniel C and Bordbar, Aarash and Lewis, Nathan E and Rahmanian, Sorena and others},
  journal={Nature protocols},
  volume={6},
  number={9},
  pages={1290},
  year={2011},
  publisher={Nature Publishing Group}
}

@article{ebrahim2013cobrapy,
  title={COBRApy: constraints-based reconstruction and analysis for python},
  author={Ebrahim, Ali and Lerman, Joshua A and Palsson, Bernhard O and Hyduke, Daniel R},
  journal={BMC systems biology},
  volume={7},
  number={1},
  pages={74},
  year={2013},
  publisher={BioMed Central}
}

@article{almaas2004global,
  title={Global organization of metabolic fluxes in the bacterium Escherichia coli},
  author={Almaas, E\_ and Kovacs, B and Vicsek, T and Oltvai, ZN and Barab{\'a}si, A-L},
  journal={Nature},
  volume={427},
  number={6977},
  pages={839},
  year={2004},
  publisher={Nature Publishing Group}
}

@article{shlomi2007genome,
  title={A genome-scale computational study of the interplay between transcriptional regulation and metabolism},
  author={Shlomi, Tomer and Eisenberg, Yariv and Sharan, Roded and Ruppin, Eytan},
  journal={Molecular systems biology},
  volume={3},
  number={1},
  pages={101},
  year={2007},
  publisher={EMBO Press}
}

@article{keasling2012synthetic,
  title={Synthetic biology and the development of tools for metabolic engineering},
  author={Keasling, Jay D},
  journal={Metabolic engineering},
  volume={14},
  number={3},
  pages={189--195},
  year={2012},
  publisher={Elsevier}
}

@inproceedings{tuza2013silico,
  title={An in silico modeling toolbox for rapid prototyping of circuits in a biomolecular “breadboard” system},
  author={Tuza, Zoltan A and Singhal, Vipul and Kim, Jongmin and Murray, Richard M},
  booktitle={Decision and Control (CDC), 2013 IEEE 52nd Annual Conference on},
  pages={1404--1410},
  year={2013},
  organization={IEEE}
}

@article{moore2018rapid,
  title={Rapid acquisition and model-based analysis of cell-free transcription--translation reactions from nonmodel bacteria},
  author={Moore, Simon J and MacDonald, James T and Wienecke, Sarah and Ishwarbhai, Alka and Tsipa, Argyro and Aw, Rochelle and Kylilis, Nicolas and Bell, David J and McClymont, David W and Jensen, Kirsten and others},
  journal={Proceedings of the National Academy of Sciences},
  volume={115},
  number={19},
  pages={E4340--E4349},
  year={2018},
  publisher={National Acad Sciences}
}

@article{vilkhovoy2017sequence,
  title={Sequence Specific Modeling of E. coli Cell-Free Protein Synthesis},
  author={Vilkhovoy, Michael and Horvath, Nicholas and Shih, Che-hsiao and Wayman, Joseph and Calhoun, Kara and Swartz, James and Varner, Jeffrey},
  journal={bioRxiv},
  pages={139774},
  year={2017},
  publisher={Cold Spring Harbor Laboratory}
}

@article{nirenberg1961dependence,
  title={The dependence of cell-free protein synthesis in E. coli upon naturally occurring or synthetic polyribonucleotides},
  author={Nirenberg, Marshall W and Matthaei, J Heinrich},
  journal={Proceedings of the National Academy of Sciences},
  volume={47},
  number={10},
  pages={1588--1602},
  year={1961},
  publisher={National Acad Sciences}
}

@article{wayman2015dynamic,
  title={Dynamic modeling of cell-free biochemical networks using effective kinetic models},
  author={Wayman, Joseph A and Sagar, Adithya and Varner, Jeffrey D},
  journal={Processes},
  volume={3},
  number={1},
  pages={138--160},
  year={2015},
  publisher={Multidisciplinary Digital Publishing Institute}
}

@article{bujara2012silico,
  title={In silico assessment of cell-free systems},
  author={Bujara, Matthias and Panke, Sven},
  journal={Biotechnology and bioengineering},
  volume={109},
  number={10},
  pages={2620--2629},
  year={2012},
  publisher={Wiley Online Library}
}

@misc{medina2017cfps,
  title={Preparation of cell-free RNAPT7 reactions}
  author={Medina, Anibal A and Contreras Juan P and Federici, Fernan}
  howpublished={protocols.io}
  url={dx.doi.org/10.17504/protocols.io.kz2cx8e}
  year={2017}
}

@article{karim2018controlling,
  title={Controlling cell-free metabolism through physiochemical perturbations},
  author={Karim, Ashty S and Heggestad, Jacob T and Crowe, Samantha A and Jewett, Michael C},
  journal={Metabolic engineering},
  volume={45},
  pages={86--94},
  year={2018},
  publisher={Elsevier}
}

@article{feist2008growing,
  title={The growing scope of applications of genome-scale metabolic reconstructions using Escherichia coli},
  author={Feist, Adam M and Palsson, Bernhard {\O}},
  journal={Nature biotechnology},
  volume={26},
  number={6},
  pages={659},
  year={2008},
  publisher={Nature Publishing Group}
}

@article{crick1970central,
  title={Central dogma of molecular biology},
  author={Crick, Francis},
  journal={Nature},
  volume={227},
  number={5258},
  pages={561},
  year={1970},
  publisher={Nature Publishing Group}
}

@article{jewett2008integrated,
  title={An integrated cell-free metabolic platform for protein production and synthetic biology},
  author={Jewett, Michael C and Calhoun, Kara A and Voloshin, Alexei and Wuu, Jessica J and Swartz, James R},
  journal={Molecular systems biology},
  volume={4},
  number={1},
  pages={220},
  year={2008},
  publisher={EMBO Press}
}

@article{shimizu2001cell,
  title={Cell-free translation reconstituted with purified components},
  author={Shimizu, Yoshihiro and Inoue, Akio and Tomari, Yukihide and Suzuki, Tsutomu and Yokogawa, Takashi and Nishikawa, Kazuya and Ueda, Takuya},
  journal={Nature biotechnology},
  volume={19},
  number={8},
  pages={751},
  year={2001},
  publisher={Nature Publishing Group}
}

@article{feist2010biomass,
  title={The biomass objective function},
  author={Feist, Adam M and Palsson, Bernhard O},
  journal={Current opinion in microbiology},
  volume={13},
  number={3},
  pages={344--349},
  year={2010},
  publisher={Elsevier}
}

@article{theis2017lossy,
  title={Lossy image compression with compressive autoencoders},
  author={Theis, Lucas and Shi, Wenzhe and Cunningham, Andrew and Husz{\'a}r, Ferenc},
  journal={arXiv preprint arXiv:1703.00395},
  year={2017}
}

@article{aurich2016metabotools,
  title={Metabotools: A comprehensive toolbox for analysis of genome-scale metabolic models},
  author={Aurich, Maike K and Fleming, Ronan MT and Thiele, Ines},
  journal={Frontiers in physiology},
  volume={7},
  pages={327},
  year={2016},
  publisher={Frontiers}
}

@article{orth2011comprehensive,
  title={A comprehensive genome-scale reconstruction of Escherichia coli metabolism—2011},
  author={Orth, Jeffrey D and Conrad, Tom M and Na, Jessica and Lerman, Joshua A and Nam, Hojung and Feist, Adam M and Palsson, Bernhard {\O}},
  journal={Molecular systems biology},
  volume={7},
  number={1},
  pages={535},
  year={2011},
  publisher={EMBO Press}
}

@article{megchelenbrink2014optgpsampler,
  title={optGpSampler: an improved tool for uniformly sampling the solution-space of genome-scale metabolic networks},
  author={Megchelenbrink, Wout and Huynen, Martijn and Marchiori, Elena},
  journal={PloS one},
  volume={9},
  number={2},
  pages={e86587},
  year={2014},
  publisher={Public Library of Science}
}

@article{varma1994stoichiometric,
  title={Stoichiometric flux balance models quantitatively predict growth and metabolic by-product secretion in wild-type Escherichia coli W3110.},
  author={Varma, Amit and Palsson, Bernhard O},
  journal={Applied and environmental microbiology},
  volume={60},
  number={10},
  pages={3724--3731},
  year={1994},
  publisher={Am Soc Microbiol}
}

@article{edwards2001silico,
  title={In silico predictions of Escherichia coli metabolic capabilities are consistent with experimental data},
  author={Edwards, Jeremy S and Ibarra, Rafael U and Palsson, Bernhard O},
  journal={Nature biotechnology},
  volume={19},
  number={2},
  pages={125},
  year={2001},
  publisher={Nature Publishing Group}
}

@article{segre2002analysis,
  title={Analysis of optimality in natural and perturbed metabolic networks},
  author={Segre, Daniel and Vitkup, Dennis and Church, George M},
  journal={Proceedings of the National Academy of Sciences},
  volume={99},
  number={23},
  pages={15112--15117},
  year={2002},
  publisher={National Acad Sciences}
}

@article{bordbar2014constraint,
  title={Constraint-based models predict metabolic and associated cellular functions},
  author={Bordbar, Aarash and Monk, Jonathan M and King, Zachary A and Palsson, Bernhard O},
  journal={Nature Reviews Genetics},
  volume={15},
  number={2},
  pages={107},
  year={2014},
  publisher={Nature Publishing Group}
}

@article{edwards2000escherichia,
  title={The Escherichia coli MG1655 in silico metabolic genotype: its definition, characteristics, and capabilities},
  author={Edwards, JS and Palsson, BO},
  journal={Proceedings of the National Academy of Sciences},
  volume={97},
  number={10},
  pages={5528--5533},
  year={2000},
  publisher={National Acad Sciences}
}

@article{lloyd2017cobrame,
  title={COBRAme: A Computational Framework for Models of Metabolism and Gene Expression},
  author={Lloyd, Colton J and Ebrahim, Ali and Yang, Laurence and King, Zachary Andrew and Catoiu, Edward and O'Brien, Edward J and Liu, Joanne K and Palsson, Bernhard O},
  journal={bioRxiv},
  pages={106559},
  year={2017},
  publisher={Cold Spring Harbor Laboratory}
}

@article{ataman2017redgem,
  title={redGEM: Systematic reduction and analysis of genome-scale metabolic reconstructions for development of consistent core metabolic models},
  author={Ataman, Meric and Gardiol, Daniel F Hernandez and Fengos, Georgios and Hatzimanikatis, Vassily},
  journal={PLoS computational biology},
  volume={13},
  number={7},
  pages={e1005444},
  year={2017},
  publisher={Public Library of Science}
}

@article{ataman2017lumpgem,
  title={lumpGEM: Systematic generation of subnetworks and elementally balanced lumped reactions for the biosynthesis of target metabolites},
  author={Ataman, Meric and Hatzimanikatis, Vassily},
  journal={PLoS computational biology},
  volume={13},
  number={7},
  pages={e1005513},
  year={2017},
  publisher={Public Library of Science}
}

@article{erdrich2015algorithm,
  title={An algorithm for the reduction of genome-scale metabolic network models to meaningful core models},
  author={Erdrich, Philipp and Steuer, Ralf and Klamt, Steffen},
  journal={BMC systems biology},
  volume={9},
  number={1},
  pages={48},
  year={2015},
  publisher={BioMed Central}
}

@article{rohl2017mixed,
  title={A mixed-integer linear programming approach to the reduction of genome-scale metabolic networks},
  author={R{\"o}hl, Annika and Bockmayr, Alexander},
  journal={BMC bioinformatics},
  volume={18},
  number={1},
  pages={2},
  year={2017},
  publisher={BioMed Central}
}

@article{rezende2014stochastic,
  title={Stochastic backpropagation and approximate inference in deep generative models},
  author={Rezende, Danilo Jimenez and Mohamed, Shakir and Wierstra, Daan},
  journal={arXiv preprint arXiv:1401.4082},
  year={2014}
}

@article{way2017extracting,
  title={Extracting a biologically relevant latent space from cancer transcriptomes with variational autoencoders},
  author={Way, Gregory P and Greene, Casey S},
  journal={bioRxiv},
  pages={174474},
  year={2017},
  publisher={World Scientific}
}

@article{kingma2013auto,
  title={Auto-encoding variational bayes},
  author={Kingma, Diederik P and Welling, Max},
  journal={arXiv preprint arXiv:1312.6114},
  year={2013}
}

@article{gomez2016automatic,
  title={Automatic chemical design using a data-driven continuous representation of molecules},
  author={G{\'o}mez-Bombarelli, Rafael and Wei, Jennifer N and Duvenaud, David and Hern{\'a}ndez-Lobato, Jos{\'e} Miguel and S{\'a}nchez-Lengeling, Benjam{\'\i}n and Sheberla, Dennis and Aguilera-Iparraguirre, Jorge and Hirzel, Timothy D and Adams, Ryan P and Aspuru-Guzik, Al{\'a}n},
  journal={ACS Central Science},
  publisher={ACS Publications}
}

@article{larsen2015autoencoding,
  title={Autoencoding beyond pixels using a learned similarity metric},
  author={Larsen, Anders Boesen Lindbo and S{\o}nderby, S{\o}ren Kaae and Larochelle, Hugo and Winther, Ole},
  journal={arXiv preprint arXiv:1512.09300},
  year={2015}
}

@article{chandar2016correlational,
  title={Correlational neural networks},
  author={Chandar, Sarath and Khapra, Mitesh M and Larochelle, Hugo and Ravindran, Balaraman},
  journal={Neural computation},
  volume={28},
  number={2},
  pages={257--285},
  year={2016},
  publisher={MIT Press}
}

@inproceedings{meng2017relational,
  title={Relational autoencoder for feature extraction},
  author={Meng, Qinxue and Catchpoole, Daniel and Skillicom, David and Kennedy, Paul J},
  booktitle={Neural Networks (IJCNN), 2017 International Joint Conference on},
  pages={364--371},
  year={2017},
  organization={IEEE}
}

@article{bhadra2017principal,
  title={Principal Metabolic Flux Mode Analysis},
  author={Bhadra, Sahely and Blomberg, Peter and Castillo, Sandra and Rousu, Juho},
  journal={bioRxiv},
  pages={163055},
  year={2017},
  publisher={Cold Spring Harbor Laboratory}
}

@article{von2016principal,
  title={A principal components method constrained by elementary flux modes: analysis of flux data sets},
  author={von Stosch, Moritz and de Azevedo, Cristiana Rodrigues and Luis, Mauro and de Azevedo, Sebastiao Feyo and Oliveira, Rui},
  journal={BMC bioinformatics},
  volume={17},
  number={1},
  pages={200},
  year={2016},
  publisher={BioMed Central}
}

@inproceedings{nair2010rectified,
  title={Rectified linear units improve restricted boltzmann machines},
  author={Nair, Vinod and Hinton, Geoffrey E},
  booktitle={Proceedings of the 27th international conference on machine learning (ICML-10)},
  pages={807--814},
  year={2010}
}

@misc{chollet2015keras,
  title={Keras},
  author={Chollet, Fran\c{c}ois and others},
  year={2015},
  url={https://keras.io}
}

@article{orth2010flux,
  title={What is flux balance analysis?},
  author={Orth, Jeffrey D and Thiele, Ines and Palsson, Bernhard {\O}},
  journal={Nature biotechnology},
  volume={28},
  number={3},
  pages={245},
  year={2010},
  publisher={Nature Publishing Group}
}